%%%%%%%%%%%%%%%%%%%%%%%%%%%%%%%%%%%%%%%%%%%%%%%%%%%%%%%%%%%%%%%%%%%%%%%%%%%%%%%%%%%%
%%%%%%%%%%%%%%%%%%%%%%%%%%%%%%%%%%%%%%%%%%%%%%%%%%%%%%%%%%%%%%%%%%%%%%%%%%%%%%%%%%%%
%                Z O T E R O ! ! !
%%%%%%%%%%%%%%%%%%%%%%%%%%%%%%%%%%%%%%%%%%%%%%%%%%%%%%%%%%%%%%%%%%%%%%%%%%%%%%%%%%%%
%%%%%%%%%%%%%%%%%%%%%%%%%%%%%%%%%%%%%%%%%%%%%%%%%%%%%%%%%%%%%%%%%%%%%%%%%%%%%%%%%%%%



@article{tao_dc_1998,
	title = {A {DC} optimization algorithm for solving the trust-region subproblem},
	volume = {8},
	url = {http://epubs.siam.org/doi/abs/10.1137/S1052623494274313},
	number = {2},
	urldate = {2014-05-10},
	journal = {{SIAM} Journal on Optimization},
	author = {Tao, Pham Dinh and An, Le Thi Hoai},
	year = {1998},
	pages = {476–505},
	file = {10.1.1.377.5049.pdf:/home/momo/Zotero_Literatur/Masterthesis/10.1.1.377.5049.pdf:application/pdf}
}

@article{hoerl_ridge_2000,
	title = {Ridge Regression: Biased Estimation for Nonorthogonal Problems},
	volume = {42},
	issn = {00401706},
	shorttitle = {Ridge Regression},
	url = {http://www.jstor.org/stable/1271436?origin=crossref},
	doi = {10.2307/1271436},
	number = {1},
	urldate = {2014-05-06},
	journal = {Technometrics},
	author = {Hoerl, Arthur E. and Kennard, Robert W.},
	month = feb,
	year = {2000},
	pages = {80},
	file = {00401706.1970.10488634.pdf:/home/momo/Zotero_Literatur/Masterthesis/00401706.1970.10488634.pdf:application/pdf}
}

@article{zou_regularization_2005,
	title = {Regularization and variable selection via the elastic net},
	volume = {67},
	url = {http://onlinelibrary.wiley.com/doi/10.1111/j.1467-9868.2005.00503.x/full},
	number = {2},
	urldate = {2014-05-06},
	journal = {Journal of the Royal Statistical Society: Series B (Statistical Methodology)},
	author = {Zou, Hui and Hastie, Trevor},
	year = {2005},
	pages = {301–320},
	file = {j.1467-9868.2005.00503.x.pdf:/home/momo/Zotero_Literatur/Masterthesis/j.1467-9868.2005.00503.x.pdf:application/pdf}
}

@article{yuan_model_2006,
	title = {Model selection and estimation in regression with grouped variables},
	volume = {68},
	url = {http://onlinelibrary.wiley.com/doi/10.1111/j.1467-9868.2005.00532.x/full},
	number = {1},
	urldate = {2014-05-06},
	journal = {Journal of the Royal Statistical Society: Series B (Statistical Methodology)},
	author = {Yuan, Ming and Lin, Yi},
	year = {2006},
	pages = {49–67},
	file = {j.1467-9868.2005.00532.x.pdf:/home/momo/Zotero_Literatur/Masterthesis/j.1467-9868.2005.00532.x.pdf:application/pdf}
}

@article{meinshausen_relaxed_2007,
	title = {Relaxed lasso},
	volume = {52},
	url = {http://www.sciencedirect.com/science/article/pii/S0167947306004956},
	number = {1},
	urldate = {2014-05-10},
	journal = {Computational Statistics \& Data Analysis},
	author = {Meinshausen, Nicolai},
	year = {2007},
	pages = {374–393},
	file = {j.csda.2006.12.019.pdf:/home/momo/Zotero_Literatur/Masterthesis/j.csda.2006.12.019.pdf:application/pdf}
}

@article{li_network-constrained_2008,
	title = {Network-constrained regularization and variable selection for analysis of genomic data},
	volume = {24},
	issn = {1367-4803, 1460-2059},
	url = {http://bioinformatics.oxfordjournals.org/cgi/doi/10.1093/bioinformatics/btn081},
	doi = {10.1093/bioinformatics/btn081},
	language = {en},
	number = {9},
	urldate = {2014-05-06},
	journal = {Bioinformatics},
	author = {Li, C. and Li, H.},
	month = may,
	year = {2008},
	pages = {1175--1182},
	file = {Bioinformatics-2008-Li-1175-82.pdf:/home/momo/Zotero_Literatur/Masterthesis/Bioinformatics-2008-Li-1175-82.pdf:application/pdf}
}

@article{zhao_composite_2009,
	title = {The composite absolute penalties family for grouped and hierarchical variable selection},
	volume = {37},
	issn = {0090-5364},
	url = {http://projecteuclid.org/euclid.aos/1250515393},
	doi = {10.1214/07-AOS584},
	language = {en},
	number = {{6A}},
	urldate = {2014-05-06},
	journal = {The Annals of Statistics},
	author = {Zhao, Peng and Rocha, Guilherme and Yu, Bin},
	month = dec,
	year = {2009},
	pages = {3468--3497},
	file = {0909.0411.pdf:/home/momo/Zotero_Literatur/Masterthesis/0909.0411.pdf:application/pdf}
}

@article{li_variable_2010,
	title = {Variable selection and regression analysis for graph-structured covariates with an application to genomics},
	volume = {4},
	issn = {1932-6157},
	url = {http://projecteuclid.org/euclid.aoas/1287409383},
	doi = {10.1214/10-AOAS332},
	language = {en},
	number = {3},
	urldate = {2014-05-06},
	journal = {The Annals of Applied Statistics},
	author = {Li, Caiyan and Li, Hongzhe},
	month = sep,
	year = {2010},
	pages = {1498--1516},
	file = {1011.3360.pdf:/home/momo/Zotero_Literatur/Masterthesis/1011.3360.pdf:application/pdf}
}

@article{pan_incorporating_2010,
	title = {Incorporating Predictor Network in Penalized Regression with Application to Microarray Data},
	volume = {66},
	issn = {{0006341X}},
	url = {http://doi.wiley.com/10.1111/j.1541-0420.2009.01296.x},
	doi = {10.1111/j.1541-0420.2009.01296.x},
	language = {en},
	number = {2},
	urldate = {2014-05-06},
	journal = {Biometrics},
	author = {Pan, Wei and Xie, Benhuai and Shen, Xiaotong},
	month = jun,
	year = {2010},
	pages = {474--484},
	file = {j.1541-0420.2009.01296.x.pdf:/home/momo/Zotero_Literatur/Masterthesis/j.1541-0420.2009.01296.x.pdf:application/pdf}
}

@article{huang_network_2012,
	title = {Network Based Prediction Model for Genomics Data Analysis},
	volume = {4},
	issn = {1867-1764, 1867-1772},
	url = {http://link.springer.com/10.1007/s12561-012-9056-7},
	doi = {10.1007/s12561-012-9056-7},
	language = {en},
	number = {1},
	urldate = {2014-05-06},
	journal = {Statistics in Biosciences},
	author = {Huang, Ying and Wang, Pei},
	month = may,
	year = {2012},
	pages = {47--65},
	file = {nihms484661.pdf:/home/momo/Zotero_Literatur/Masterthesis/nihms484661.pdf:application/pdf}
}

@article{luo_two-step_2012,
	title = {A Two-Step Penalized Regression Method with Networked Predictors},
	volume = {4},
	issn = {1867-1764, 1867-1772},
	url = {http://link.springer.com/10.1007/s12561-011-9051-4},
	doi = {10.1007/s12561-011-9051-4},
	language = {en},
	number = {1},
	urldate = {2014-05-06},
	journal = {Statistics in Biosciences},
	author = {Luo, Chong and Pan, Wei and Shen, Xiaotong},
	month = may,
	year = {2012},
	pages = {27--46},
	file = {nihms344446.pdf:/home/momo/Zotero_Literatur/Masterthesis/nihms344446.pdf:application/pdf}
}

@article{shen_likelihood-based_2012,
	title = {Likelihood-Based Selection and Sharp Parameter Estimation},
	volume = {107},
	issn = {0162-1459, 1537-{274X}},
	url = {http://www.tandfonline.com/doi/abs/10.1080/01621459.2011.645783},
	doi = {10.1080/01621459.2011.645783},
	language = {en},
	number = {497},
	urldate = {2014-05-06},
	journal = {Journal of the American Statistical Association},
	author = {Shen, Xiaotong and Pan, Wei and Zhu, Yunzhang},
	month = mar,
	year = {2012},
	pages = {223--232},
	file = {nihms364033.pdf:/home/momo/Zotero_Literatur/Masterthesis/nihms364033.pdf:application/pdf}
}

@article{kim_network-based_2013,
	title = {Network-Based Penalized Regression With Application to Genomic Data: Network-Based Penalized Regression},
	volume = {69},
	issn = {{0006341X}},
	shorttitle = {Network-Based Penalized Regression With Application to Genomic Data},
	url = {http://doi.wiley.com/10.1111/biom.12035},
	doi = {10.1111/biom.12035},
	language = {en},
	number = {3},
	urldate = {2014-05-06},
	journal = {Biometrics},
	author = {Kim, Sunkyung and Pan, Wei and Shen, Xiaotong},
	month = sep,
	year = {2013},
	pages = {582--593},
	file = {biom12035.pdf:/home/momo/Zotero_Literatur/Masterthesis/biom12035.pdf:application/pdf}
}











%%%%%%%%%%%%%%%%%%%%%%%%%%%%%%%%%%%%%%%%%%%%%%%%%%%%%%%%%%%%%%%%%%%%%%%%%%%%%%%%%%%%
%%%%%%%%%%%%%%%%%%%%%%%%%%%%%%%%%%%%%%%%%%%%%%%%%%%%%%%%%%%%%%%%%%%%%%%%%%%%%%%%%%%%
%                B U E C H E R
%%%%%%%%%%%%%%%%%%%%%%%%%%%%%%%%%%%%%%%%%%%%%%%%%%%%%%%%%%%%%%%%%%%%%%%%%%%%%%%%%%%%
%%%%%%%%%%%%%%%%%%%%%%%%%%%%%%%%%%%%%%%%%%%%%%%%%%%%%%%%%%%%%%%%%%%%%%%%%%%%%%%%%%%%

@book{ziegler_approach_2010,
	address = {Weinheim},
	title = {A Statistical Approach to Genetic Epidemiology},
	publisher = {Wiley},
	author = {Ziegler, Andreas and K\"{o}nig, Inke},
	year = {2010},
	keywords = {genetic epedemiology}
},


@book{graw_genetik_2010,
	address = {Heidelberg},
	title = {Genetik},
	publisher = {Springer},
	author = {Graw, Jochen},
	year = {2010},
	keywords = {genetic}
},


@book{bickeboeller_genepi_2007,
	address = {Heidelberg},
	title = {Einf\"{u}hrung in die Genetische Epidemiologie},
	publisher = {Springer},
	author = {Bickeb\"{o}ller, Heike and Fischer, Christine},
	year = {2007},
	keywords ={genetic epidemiology}
},


@book{janning_genetik_2008,
	address = {Stuttgart},
	title = {Genetik. Allgemeine Genetik -- Molekulare Genetik -- Entwicklungsgenetik},
	publisher = {Georg Thieme Verlag},
	author = {Janning, Wilfried and Knust, Elisabeth},
	year = {2008},
	keywords ={genetic}
},


@book{klug_genetik_2007,
	address = {München},
	title = {Genetik},
	publisher = {Pearson Studium},
	author = {Klug, William S. and Cummings, Michael R. and Spencer, Charlotte A.},
	year = {2007},
	keywords ={genetic}
},















%%%%%%%%%%%%%%%%%%%%%%%%%%%%%%%%%%%%%%%%%%%%%%%%%%%%%%%%%%%%%%%%%%%%%%%%%%%%%%%%%%%%
%%%%%%%%%%%%%%%%%%%%%%%%%%%%%%%%%%%%%%%%%%%%%%%%%%%%%%%%%%%%%%%%%%%%%%%%%%%%%%%%%%%%
%                A R T I K E L
%%%%%%%%%%%%%%%%%%%%%%%%%%%%%%%%%%%%%%%%%%%%%%%%%%%%%%%%%%%%%%%%%%%%%%%%%%%%%%%%%%%%
%%%%%%%%%%%%%%%%%%%%%%%%%%%%%%%%%%%%%%%%%%%%%%%%%%%%%%%%%%%%%%%%%%%%%%%%%%%%%%%%%%%%



@article{stein_number_genes_2004,
	title = {Human genome: End of the beginning},
	volume = {431},
	number = {7011},
	journal = {Nature},
	author = {Stein, {Lincoln D.}},
	month = oct,
	year = {2004},
	keywords = {genes},
	pages = {915--916}
},











%%%%%%%%%%%%%%%%%%%%%%%%%%%%%%%%%%%%%%%%%%%%%%%%%%%%%%%%%%%%%%%%%%%%%%%%%%%%%%%%%%%%
%%%%%%%%%%%%%%%%%%%%%%%%%%%%%%%%%%%%%%%%%%%%%%%%%%%%%%%%%%%%%%%%%%%%%%%%%%%%%%%%%%%%
%                S A M M E L B A E N D E
%%%%%%%%%%%%%%%%%%%%%%%%%%%%%%%%%%%%%%%%%%%%%%%%%%%%%%%%%%%%%%%%%%%%%%%%%%%%%%%%%%%%
%%%%%%%%%%%%%%%%%%%%%%%%%%%%%%%%%%%%%%%%%%%%%%%%%%%%%%%%%%%%%%%%%%%%%%%%%%%%%%%%%%%%




@incollection{mendel_hybride_1865,
	author = {Mendel, Gregor}, 
	title = {Versuche über Pflanzen-Hybriden},
	booktitle = {Verhandlungen des Naturforschenden Vereins zu Brünn},
	pages = {3--47},
	year = {1865},
	volume = {4},
	address = {}
},















%%%%%%%%%%%%%%%%%%%%%%%%%%%%%%%%%%%%%%%%%%%%%%%%%%%%%%%%%%%%%%%%%%%%%%%%%%%%%%%%%%%%
%%%%%%%%%%%%%%%%%%%%%%%%%%%%%%%%%%%%%%%%%%%%%%%%%%%%%%%%%%%%%%%%%%%%%%%%%%%%%%%%%%%%
%                P R O G R A M M E   etc.
%%%%%%%%%%%%%%%%%%%%%%%%%%%%%%%%%%%%%%%%%%%%%%%%%%%%%%%%%%%%%%%%%%%%%%%%%%%%%%%%%%%%
%%%%%%%%%%%%%%%%%%%%%%%%%%%%%%%%%%%%%%%%%%%%%%%%%%%%%%%%%%%%%%%%%%%%%%%%%%%%%%%%%%%%

 @Manual{cran_R,
       title        = {R: A Language and Environment for Statistical
                       Computing},
       author       = {{R Core Team}},
       organization = {R Foundation for Statistical Computing},
       address      = {},
       year         = {2012},
       howpublished = {\url{http://www.R-project.org}. Abgerufen am 16.08.2012, 21:16 CET}
},





